@InCollection{helios94,
  author = 	 {Kazumasa Yokota and Akira Aiba},
  title = 	 {A New Framework of Very Large Knowledge Bases},
  booktitle = 	 {Knowledge Building and Knowledge Sharing},
  publisher =	 {Ohmsha and IOS Press},
  year =	 1994,
  editor =	 {K. Fuchi and T. Yokoi},
  pages =	 {192-199}
}

@Article{helios95,
  author = 	 {Akira Aiba and Kazumasa Yokota and Hiroshi Tsuda},
  title = 	 {Heterogeneous Distributed Cooperative Problem Solving System {Helios} and Its Cooperation Mechanisms},
  journal = 	 {International Journal of Cooperative Information Systems},
  year = 	 1995,
  volume =	 4,
  number =	 4,
  month =	 dec,
  pages =	 {369-385}
}

@InProceedings{f-logic,
  author = 	 {M. Kifer and G. Lausen},
  title = 	 {{F-Logic} --- A Higher Order Language for Reasoning about Objects, Inheritance, and Schema},
  booktitle = 	 sigmod,
  year =	 1989,
  address =	 {Portland},
  month =	 jun,
  pages =	 {134-146}
}

